@article{RMP_MIT_1998_Imada,
  title = {Metal-insulator transitions},
  author = {Imada, Masatoshi and Fujimori, Atsushi and Tokura, Yoshinori},
  journal = {Rev. Mod. Phys.},
  volume = {70},
  issue = {4},
  pages = {1039--1263},
  numpages = {0},
  year = {1998},
  month = {Oct},
  publisher = {American Physical Society},
  doi = {10.1103/RevModPhys.70.1039},
  url = {http://link.aps.org/doi/10.1103/RevModPhys.70.1039}
}


@article{Chakrabarti_Cerium,
  title = {$\ensuremath{\alpha}$-$\ensuremath{\gamma}$ transition in cerium: Magnetic form factor and dynamic magnetic susceptibility in dynamical mean-field theory},
  author = {Chakrabarti, B. and Pezzoli, M. E. and Sordi, G. and Haule, K. and Kotliar, G.},
  journal = {Phys. Rev. B},
  volume = {89},
  issue = {12},
  pages = {125113},
  numpages = {4},
  year = {2014},
  month = {Mar},
  publisher = {American Physical Society},
  doi = {10.1103/PhysRevB.89.125113},
  url = {http://link.aps.org/doi/10.1103/PhysRevB.89.125113}
}

@article{RpaBohm,
  title = {A Collective Description of Electron Interactions. I. Magnetic Interactions},
  author = {Bohm, David and Pines, David},
  journal = {Phys. Rev.},
  volume = {82},
  issue = {5},
  pages = {625--634},
  numpages = {0},
  year = {1951},
  month = {Jun},
  publisher = {American Physical Society},
  doi = {10.1103/PhysRev.82.625},
  url = {http://link.aps.org/doi/10.1103/PhysRev.82.625}
}



@article{JulichLectures,
 title = {The LDA+DMFT approach to
strongly correlated materials},
  author = {Pavarini,Eva and Koch,Eric and  Vollhardt,Dieter and Lichtenstein, Alexander},
  volume = {1},
  year = {2011},
  publisher = {Forschungszentrum JÃ¼lich GmbH
Institute for Advanced Simulation},
  url = {http://www.fz-juelich.de/zb/juwel}
}


@article{RMP_dft_review_1989_R_O_Jones,
  title = {The density functional formalism, its applications and prospects},
  author = {Jones, R. O. and Gunnarsson, O.},
  journal = {Rev. Mod. Phys.},
  volume = {61},
  issue = {3},
  pages = {689--746},
  numpages = {0},
  year = {1989},
  month = {Jul},
  publisher = {American Physical Society},
  doi = {10.1103/RevModPhys.61.689},
  url = {http://link.aps.org/doi/10.1103/RevModPhys.61.689}
}

@article{PRL_MIT_1993_G.K,
  title = {Mott transition in the     \textit{d}  =\ensuremath{\infty} Hubbard model at zero temperature},
  author = {Zhang, X. Y. and Rozenberg, M. J. and Kotliar, G.},
  journal = {Phys. Rev. Lett.},
  volume = {70},
  issue = {11},
  pages = {1666--1669},
  numpages = {0},
  year = {1993},
  month = {Mar},
  publisher = {American Physical Society},
  doi = {10.1103/PhysRevLett.70.1666},
  url = {http://link.aps.org/doi/10.1103/PhysRevLett.70.1666}
}


@article{RMP_LDA+DMFT_2006_G.K,
  title = {Electronic structure calculations with dynamical mean-field theory},
  author = {Kotliar, G. and Savrasov, S. Y. and Haule, K. and Oudovenko, V. S. and Parcollet, O. and Marianetti, C. A.},
  journal = {Rev. Mod. Phys.},
  volume = {78},
  issue = {3},
  pages = {865--951},
  numpages = {0},
  year = {2006},
  month = {Aug},
  publisher = {American Physical Society},
  doi = {10.1103/RevModPhys.78.865},
  url = {http://link.aps.org/doi/10.1103/RevModPhys.78.865}
}

@article{PRB_Wannier_Downfolding_2006_D.Vollhardt,
  title = {Full orbital calculation scheme for materials with strongly correlated electrons},
  author = {Anisimov, V. I. and Kondakov, D. E. and Kozhevnikov, A. V. and Nekrasov, I. A. and Pchelkina, Z. V. and Allen, J. W. and Mo, S.-K. and Kim, H.-D. and Metcalf, P. and Suga, S. and Sekiyama, A. and Keller, G. and Leonov, I. and Ren, X. and Vollhardt, D.},
  journal = {Phys. Rev. B},
  volume = {71},
  issue = {12},
  pages = {125119},
  numpages = {16},
  year = {2005},
  month = {Mar},
  publisher = {American Physical Society},
  doi = {10.1103/PhysRevB.71.125119},
  url = {http://link.aps.org/doi/10.1103/PhysRevB.71.125119}
}

@article{PRB_Wannier_Downfolding_2006_O.K.Andersen,
  title = {Dynamical mean-field theory using Wannier functions: A flexible route to electronic structure calculations of strongly correlated materials},
  author = {Lechermann, F. and Georges, A. and Poteryaev, A. and Biermann, S. and Posternak, M. and Yamasaki, A. and Andersen, O. K.},
  journal = {Phys. Rev. B},
  volume = {74},
  issue = {12},
  pages = {125120},
  numpages = {26},
  year = {2006},
  month = {Sep},
  publisher = {American Physical Society},
  doi = {10.1103/PhysRevB.74.125120},
  url = {http://link.aps.org/doi/10.1103/PhysRevB.74.125120}
}

@article{PRB_localorbital_Downfolding_2008_Lichtenstein,
  title = {Plane-wave based electronic structure calculations for correlated materials using dynamical mean-field theory and projected local orbitals},
  author = {Amadon, B. and Lechermann, F. and Georges, A. and Jollet, F. and Wehling, T. O. and Lichtenstein, A. I.},
  journal = {Phys. Rev. B},
  volume = {77},
  issue = {20},
  pages = {205112},
  numpages = {13},
  year = {2008},
  month = {May},
  publisher = {American Physical Society},
  doi = {10.1103/PhysRevB.77.205112},
  url = {http://link.aps.org/doi/10.1103/PhysRevB.77.205112}
}

@article{PRB_dmft_wien2k_2010_Chuck_Haule,
  title = {Dynamical mean-field theory within the full-potential methods: Electronic structure of ${\text{CeIrIn}}_{5}$, ${\text{CeCoIn}}_{5}$, and ${\text{CeRhIn}}_{5}$},
  author = {Haule, Kristjan and Yee, Chuck-Hou and Kim, Kyoo},
  journal = {Phys. Rev. B},
  volume = {81},
  issue = {19},
  pages = {195107},
  numpages = {30},
  year = {2010},
  month = {May},
  publisher = {American Physical Society},
  doi = {10.1103/PhysRevB.81.195107},
  url = {http://link.aps.org/doi/10.1103/PhysRevB.81.195107}
}

@article{PRB_LaFeAsO_2010_A.Georges,
  title = {Importance of electronic correlations for structural and magnetic properties of the iron pnictide superconductor LaFeAsO},
  author = {Aichhorn, Markus and Pourovskii, Leonid and Georges, Antoine},
  journal = {Phys. Rev. B},
  volume = {84},
  issue = {5},
  pages = {054529},
  numpages = {7},
  year = {2011},
  month = {Aug},
  publisher = {American Physical Society},
  doi = {10.1103/PhysRevB.84.054529},
  url = {http://link.aps.org/doi/10.1103/PhysRevB.84.054529}
}

@article{PRB_covalency_TMoxides_2014_k.Haule,
  title = {Covalency in transition-metal oxides within all-electron dynamical mean-field theory},
  author = {Haule, Kristjan and Birol, Turan and Kotliar, Gabriel},
  journal = {Phys. Rev. B},
  volume = {90},
  issue = {7},
  pages = {075136},
  numpages = {11},
  year = {2014},
  month = {Aug},
  publisher = {American Physical Society},
  doi = {10.1103/PhysRevB.90.075136},
  url = {http://link.aps.org/doi/10.1103/PhysRevB.90.075136}
}

@article{IOP_HubbU_transition_metal_1973_B_N_Cox,
  author={B N Cox and M A Coulthard and P Lloyd},
  title={A calculation of the Coulomb correlation energy, U, for transition metals in Hubbard's model},
  journal={Journal of Physics F: Metal Physics},
  volume={4},
  number={6},
  pages={807},
  url={http://stacks.iop.org/0305-4608/4/i=6/a=009},
  year={1974}
}

@book{Herring,
 author={C.Herring},
   title = {Magnetism, edited by G.T. Rado and
  H. Suhl},
  volume = {IV},
  year = {1966},
  publisher = {Academic Press, New York}
}

@article{PRB_cLDA_Cuprates_1988_McMahan,
  title = {Calculated effective Hamiltonian for ${\mathrm{La}}_{2}$Cu${\mathrm{O}}_{4}$ and solution in the impurity Anderson approximation},
  author = {McMahan, A. K. and Martin, Richard M. and Satpathy, S.},
  journal = {Phys. Rev. B},
  volume = {38},
  issue = {10},
  pages = {6650--6666},
  numpages = {0},
  year = {1988},
  month = {Oct},
  publisher = {American Physical Society},
  doi = {10.1103/PhysRevB.38.6650},
  url = {http://link.aps.org/doi/10.1103/PhysRevB.38.6650}
}

@article{PRB_cLDA_cuprates_1989_Christensen,
  title = {Calculation of Coulomb-interaction parameters for ${\mathrm{La}}_{2}$${\mathrm{CuO}}_{4}$ using a constrained-density-functional approach},
  author = {Hybertsen, Mark S. and Schl\"uter, Michael and Christensen, Niels E.},
  journal = {Phys. Rev. B},
  volume = {39},
  issue = {13},
  pages = {9028--9041},
  numpages = {0},
  year = {1989},
  month = {May},
  publisher = {American Physical Society},
  doi = {10.1103/PhysRevB.39.9028},
  url = {http://link.aps.org/doi/10.1103/PhysRevB.39.9028}
}


@article{PRB_cLDA_Fe_Ce_1991_Anisirnov,
  title = {Density-functional calculation of effective Coulomb interactions in metals},
  author = {Anisimov, V. I. and Gunnarsson, O.},
  journal = {Phys. Rev. B},
  volume = {43},
  issue = {10},
  pages = {7570--7574},
  numpages = {0},
  year = {1991},
  month = {Apr},
  publisher = {American Physical Society},
  doi = {10.1103/PhysRevB.43.7570},
  url = {http://link.aps.org/doi/10.1103/PhysRevB.43.7570}
}

@article{PRB_linear_response_2005_Gironcoli,
  title = {Linear response approach to the calculation of the effective interaction parameters in the $\mathrm{LDA}+\mathrm{U}$ method},
  author = {Cococcioni, Matteo and de Gironcoli, Stefano},
  journal = {Phys. Rev. B},
  volume = {71},
  issue = {3},
  pages = {035105},
  numpages = {16},
  year = {2005},
  month = {Jan},
  publisher = {American Physical Society},
  doi = {10.1103/PhysRevB.71.035105},
  url = {http://link.aps.org/doi/10.1103/PhysRevB.71.035105}
}

@article{PRB_CRPAMethodInvented_1998_F.Ary,
  title = {Frequency-dependent screened interaction in Ni within the random-phase approximation},
  author = {Springer, M. and Aryasetiawan, F.},
  journal = {Phys. Rev. B},
  volume = {57},
  issue = {8},
  pages = {4364--4368},
  numpages = {0},
  year = {1998},
  month = {Feb},
  publisher = {American Physical Society},
  doi = {10.1103/PhysRevB.57.4364},
  url = {http://link.aps.org/doi/10.1103/PhysRevB.57.4364}
}

@article{PRB_lowenegymodel_for_firstprincilpes__2004_F.Ary,
  title = {Frequency-dependent local interactions and low-energy effective models from electronic structure calculations},
  author = {Aryasetiawan, F. and Imada, M. and Georges, A. and Kotliar, G. and Biermann, S. and Lichtenstein, A. I.},
  journal = {Phys. Rev. B},
  volume = {70},
  issue = {19},
  pages = {195104},
  numpages = {8},
  year = {2004},
  month = {Nov},
  publisher = {American Physical Society},
  doi = {10.1103/PhysRevB.70.195104},
  url = {http://link.aps.org/doi/10.1103/PhysRevB.70.195104}
}
@article{PRB_CalculationofHubU_cRPA._2006_F.Ary,
  title = {Calculations of Hubbard $U$ from first-principles},
  author = {Aryasetiawan, F. and Karlsson, K. and Jepsen, O. and Sch\"onberger, U.},
  journal = {Phys. Rev. B},
  volume = {74},
  issue = {12},
  pages = {125106},
  numpages = {9},
  year = {2006},
  month = {Sep},
  publisher = {American Physical Society},
  doi = {10.1103/PhysRevB.74.125106},
  url = {http://link.aps.org/doi/10.1103/PhysRevB.74.125106}
}



@article{PRB_cRPAonTransitionMetal_2008_F.ARy,
  title = {Screened Coulomb interaction in the maximally localized Wannier basis},
  author = {Miyake, Takashi and Aryasetiawan, F.},
  journal = {Phys. Rev. B},
  volume = {77},
  issue = {8},
  pages = {085122},
  numpages = {9},
  year = {2008},
  month = {Feb},
  publisher = {American Physical Society},
  doi = {10.1103/PhysRevB.77.085122},
  url = {http://link.aps.org/doi/10.1103/PhysRevB.77.085122}
}


@article{PRB_cRPAonTransition_oxide_2012_S.Biermann,
  title = {Hubbard $U$ and Hund exchange $J$ in transition metal oxides: Screening versus localization trends from constrained random phase approximation},
  author = {Vaugier, Lo\"{\i}g and Jiang, Hong and Biermann, Silke},
  journal = {Phys. Rev. B},
  volume = {86},
  issue = {16},
  pages = {165105},
  numpages = {21},
  year = {2012},
  month = {Oct},
  publisher = {American Physical Society},
  doi = {10.1103/PhysRevB.86.165105},
  url = {http://link.aps.org/doi/10.1103/PhysRevB.86.165105}
}

@article{PRB_cRPAonTransition_oxide_2012_P.H.Zhang,
  title = {Screened Coulomb interactions of localized electrons in transition metals and transition-metal oxides},
  author = {Shih, Bi-Ching and Abtew, Tesfaye A. and Yuan, Xun and Zhang, Wenqing and Zhang, Peihong},
  journal = {Phys. Rev. B},
  volume = {86},
  issue = {16},
  pages = {165124},
  numpages = {8},
  year = {2012},
  month = {Oct},
  publisher = {American Physical Society},
  doi = {10.1103/PhysRevB.86.165124},
  url = {http://link.aps.org/doi/10.1103/PhysRevB.86.165124}
}

@article{PRB_cRPAonTrans_oxides_2013_F.Ary,
  title = {First-principles calculations of dynamical screened interactions for the transition metal oxides $M$O ($M$=Mn, Fe, Co, Ni)},
  author = {Sakuma, R. and Aryasetiawan, F.},
  journal = {Phys. Rev. B},
  volume = {87},
  issue = {16},
  pages = {165118},
  numpages = {8},
  year = {2013},
  month = {Apr},
  publisher = {American Physical Society},
  doi = {10.1103/PhysRevB.87.165118},
  url = {http://link.aps.org/doi/10.1103/PhysRevB.87.165118}
}
@article{PRB_cRPAonearlyLanthanide_2013_F.Ary,
  title = {\textit{Ab initio}   calculations of the Hubbard $U$ for the early lanthanides using the constrained random-phase approximation},
  author = {Nilsson, F. and Sakuma, R. and Aryasetiawan, F.},
  journal = {Phys. Rev. B},
  volume = {88},
  issue = {12},
  pages = {125123},
  numpages = {14},
  year = {2013},
  month = {Sep},
  publisher = {American Physical Society},
  doi = {10.1103/PhysRevB.88.125123},
  url = {http://link.aps.org/doi/10.1103/PhysRevB.88.125123}
}



@article{PRB_Screened_Coul_inter_cal_2014_F.Bruneval,
  title = {Screened Coulomb interaction calculations: cRPA implementation and applications to dynamical screening and self-consistency in uranium dioxide and cerium},
  author = {Amadon, Bernard and Applencourt, Thomas and Bruneval, Fabien},
  journal = {Phys. Rev. B},
  volume = {89},
  issue = {12},
  pages = {125110},
  numpages = {10},
  year = {2014},
  month = {Mar},
  publisher = {American Physical Society},
  doi = {10.1103/PhysRevB.89.125110},
  url = {http://link.aps.org/doi/10.1103/PhysRevB.89.125110}
}



@article{JPSJ_lowenergyOFironbaseSC_2010_M.Imada,
author = { Takashi Miyake and  Kazuma Nakamura and  Ryotaro Arita and  Masatoshi Imada},
title = {Comparison of Ab initio Low-Energy Models for LaFePO, LaFeAsO, BaFe2As2, LiFeAs, FeSe, and FeTe: Electron Correlation and Covalency},
journal = {Journal of the Physical Society of Japan},
volume = {79},
number = {4},
pages = {044705},
year = {2010},
doi = {10.1143/JPSJ.79.044705},
URL = { 
        http://journals.jps.jp/doi/abs/10.1143/JPSJ.79.044705
}

}



@article{PRB_DyanmicScreening_LaCuO_2015_P.Werner_F.Ary,
  title = {Dynamical screening in ${\text{La}}_{2}{\text{CuO}}_{4}$},
  author = {Werner, Philipp and Sakuma, Rei and Nilsson, Fredrik and Aryasetiawan, Ferdi},
  journal = {Phys. Rev. B},
  volume = {91},
  issue = {12},
  pages = {125142},
  numpages = {9},
  year = {2015},
  month = {Mar},
  publisher = {American Physical Society},
  doi = {10.1103/PhysRevB.91.125142},
  url = {http://link.aps.org/doi/10.1103/PhysRevB.91.125142}
}

@article{PRB_AccurayofcRPA_2014_P.Werner,
  title = {Accuracy of downfolding based on the constrained random-phase approximation},
  author = {Shinaoka, Hiroshi and Troyer, Matthias and Werner, Philipp},
  journal = {Phys. Rev. B},
  volume = {91},
  issue = {24},
  pages = {245156},
  numpages = {12},
  year = {2015},
  month = {Jun},
  publisher = {American Physical Society},
  doi = {10.1103/PhysRevB.91.245156},
  url = {http://link.aps.org/doi/10.1103/PhysRevB.91.245156}
}


@ARTICLE{Arxiv_Role_of_intshell_int_on_HubU_2015_S.Bmann,
   author = {{Seth}, P. and {Hansmann}, P. and {van Roekeghem}, A. and {Vaugier}, L. and 
	{Biermann}, S.},
    title = "{Towards a first-principles determination of effective Coulomb interactions in correlated electron materials: Role of intershell interactions}",
  journal = {ArXiv e-prints},
archivePrefix = "arXiv",
   eprint = {1508.07466},
 primaryClass = "cond-mat.str-el",
 keywords = {Condensed Matter - Strongly Correlated Electrons},
     year = 2015,
    month = aug,
   url = {http://arxiv.org/abs/1508.07466},
}
  	
@article{NJOP_Udp_in_cuprates_2014_K.Held,
  author={P Hansmann and N Parragh and A Toschi and G Sangiovanni and K Held},
  title={Importance of d ? p Coulomb interaction for high T C cuprates and other oxides},
  journal={New Journal of Physics},
  volume={16},
  number={3},
  pages={033009},
  url={http://stacks.iop.org/1367-2630/16/i=3/a=033009},
  year={2014},
}

@article{RMP_DMFT_1996_A.G_G.K,
  title = {Dynamical mean-field theory of strongly correlated fermion systems and the limit of infinite dimensions},
  author = {Georges, Antoine and Kotliar, Gabriel and Krauth, Werner and Rozenberg, Marcelo J.},
  journal = {Rev. Mod. Phys.},
  volume = {68},
  issue = {1},
  pages = {13--125},
  numpages = {0},
  year = {1996},
  month = {Jan},
  publisher = {American Physical Society},
  doi = {10.1103/RevModPhys.68.13},
  url = {http://link.aps.org/doi/10.1103/RevModPhys.68.13}
}

@article{JPCM_LDA+U_Doublecounting_1997_Anisimov,
  author={Vladimir I Anisimov and F Aryasetiawan and A I Lichtenstein},
  title={First-principles calculations of the electronic structure and spectra of strongly correlated systems: the LDA + U method},
  journal={Journal of Physics: Condensed Matter},
  volume={9},
  number={4},
  pages={767},
  url={http://stacks.iop.org/0953-8984/9/i=4/a=002},
  year={1997}
}
	
@article{PRL_firstpaper_on_CTQMC_2006_P.Werner_A.J,
  title = {Continuous-Time Solver for Quantum Impurity Models},
  author = {Werner, Philipp and Comanac, Armin and de' Medici, Luca and Troyer, Matthias and Millis, Andrew J.},
  journal = {Phys. Rev. Lett.},
  volume = {97},
  issue = {7},
  pages = {076405},
  numpages = {4},
  year = {2006},
  month = {Aug},
  publisher = {American Physical Society},
  doi = {10.1103/PhysRevLett.97.076405},
  url = {http://link.aps.org/doi/10.1103/PhysRevLett.97.076405}
}



@article{PRB_CTQMC_2007_K.Haule,
  title = {Quantum Monte Carlo impurity solver for cluster dynamical mean-field theory and electronic structure calculations with adjustable cluster base},
  author = {Haule, Kristjan},
  journal = {Phys. Rev. B},
  volume = {75},
  issue = {15},
  pages = {155113},
  numpages = {12},
  year = {2007},
  month = {Apr},
  publisher = {American Physical Society},
  doi = {10.1103/PhysRevB.75.155113},
  url = {http://link.aps.org/doi/10.1103/PhysRevB.75.155113}
}

@article{PhysicsReports_MEM_1996_M.Jarrell ,
title = "Bayesian inference and the analytic continuation of imaginary-time quantum Monte Carlo data ",
journal = "Physics Reports ",
volume = "269",
number = "3",
pages = "133 - 195",
year = "1996",
note = "",
issn = "0370-1573",
doi = "http://dx.doi.org/10.1016/0370-1573(95)00074-7",
url = "http://www.sciencedirect.com/science/article/pii/0370157395000747",
author = "Mark Jarrell and J.E. Gubernatis"
}




