@article{Heikes,
title = "Magnetic and electrical anomalies in LaCoO3 ",
journal = "Physica ",
volume = "30",
number = "8",
pages = "1600 - 1608",
year = "1964",
note = "",
issn = "0031-8914",
doi = "http://dx.doi.org/10.1016/0031-8914(64)90182-X",
url = "http://www.sciencedirect.com/science/article/pii/003189146490182X",
author = "R.R. Heikes and R.C. Miller and R. Mazelsky"
}

@article{Hamaya,
  title = {Estimation of the spin polarization for Heusler-compound thin films by means of nonlocal spin-valve measurements: Comparison of Co${}_{2}$FeSi and Fe${}_{3}$Si},
  author = {Hamaya, K. and Hashimoto, N. and Oki, S. and Yamada, S. and Miyao, M. and Kimura, T.},
  journal = {Phys. Rev. B},
  volume = {85},
  issue = {10},
  pages = {100404},
  numpages = {5},
  year = {2012},
  month = {Mar},
  publisher = {American Physical Society},
  doi = {10.1103/PhysRevB.85.100404},
  url = {http://link.aps.org/doi/10.1103/PhysRevB.85.100404}
}

@article{Hsu,
  title = {Cobalt spin states and hyperfine interactions in ${\text{LaCoO}}_{3}$ investigated by $\text{LDA}+U$ calculations},
  author = {Hsu, Han and Blaha, Peter and Wentzcovitch, Renata M. and Leighton, C.},
  journal = {Phys. Rev. B},
  volume = {82},
  issue = {10},
  pages = {100406},
  numpages = {4},
  year = {2010},
  month = {Sep},
  publisher = {American Physical Society},
  doi = {10.1103/PhysRevB.82.100406},
  url = {http://link.aps.org/doi/10.1103/PhysRevB.82.100406}
}

@article{Naiman,
   author = "Naiman, C. S. and Gilmore, R. and DiBartolo, B. and Linz, A. and Santoro, R.",
   title = "Interpretation of the Magnetic Properties of LaCoO3",
   journal = "Journal of Applied Physics",
   year = "1965",
   volume = "36",
   number = "3", 
   pages = "1044-1045",
   url = "http://scitation.aip.org/content/aip/journal/jap/36/3/10.1063/1.1714092",
   doi = "http://dx.doi.org/10.1063/1.1714092" 
}

@article{Goodenough,
  title = {First-Order Localized-Electron $\ensuremath{\leftrightarrows}$ Collective-Electron Transition in LaCo${\mathrm{O}}_{3}$},
  author = {Raccah, P. M. and Goodenough, J. B.},
  journal = {Phys. Rev.},
  volume = {155},
  issue = {3},
  pages = {932--943},
  numpages = {0},
  year = {1967},
  month = {Mar},
  publisher = {American Physical Society},
  doi = {10.1103/PhysRev.155.932},
  url = {http://link.aps.org/doi/10.1103/PhysRev.155.932}
}

@article{BhideMoss,
  title = {M\"ossbauer Studies of the High-Spin-Low-Spin Equilibria and the Localized-Collective Electron Transition in LaCo${\mathrm{O}}_{3}$},
  author = {Bhide, V. G. and Rajoria, D. S. and Rao, G. Rama and Rao, C. N. R.},
  journal = {Phys. Rev. B},
  volume = {6},
  issue = {3},
  pages = {1021--1032},
  numpages = {0},
  year = {1972},
  month = {Aug},
  publisher = {American Physical Society},
  doi = {10.1103/PhysRevB.6.1021},
  url = {http://link.aps.org/doi/10.1103/PhysRevB.6.1021}
}

@article{English,
  title = {Thermally excited spin-disorder contribution to the resistivity of ${\mathrm{LaCoO}}_{3}$},
  author = {English, Suzanne R. and Wu, J. and Leighton, C.},
  journal = {Phys. Rev. B},
  volume = {65},
  issue = {22},
  pages = {220407},
  numpages = {4},
  year = {2002},
  month = {Jun},
  publisher = {American Physical Society},
  doi = {10.1103/PhysRevB.65.220407},
  url = {http://link.aps.org/doi/10.1103/PhysRevB.65.220407}
}

@article{Saitoh,
  title = {Electronic structure and temperature-induced paramagnetism in ${\mathrm{LaCoO}}_{3}$},
  author = {Saitoh, T. and Mizokawa, T. and Fujimori, A. and Abbate, M. and Takeda, Y. and Takano, M.},
  journal = {Phys. Rev. B},
  volume = {55},
  issue = {7},
  pages = {4257--4266},
  numpages = {0},
  year = {1997},
  month = {Feb},
  publisher = {American Physical Society},
  doi = {10.1103/PhysRevB.55.4257},
  url = {http://link.aps.org/doi/10.1103/PhysRevB.55.4257}
}

@article{Podlesnyak,
  title = {Spin-State Transition in ${\mathrm{LaCoO}}_{3}$: Direct Neutron Spectroscopic Evidence of Excited Magnetic States},
  author = {Podlesnyak, A. and Streule, S. and Mesot, J. and Medarde, M. and Pomjakushina, E. and Conder, K. and Tanaka, A. and Haverkort, M. W. and Khomskii, D. I.},
  journal = {Phys. Rev. Lett.},
  volume = {97},
  issue = {24},
  pages = {247208},
  numpages = {4},
  year = {2006},
  month = {Dec},
  publisher = {American Physical Society},
  doi = {10.1103/PhysRevLett.97.247208},
  url = {http://link.aps.org/doi/10.1103/PhysRevLett.97.247208}
}

@article{Haverfort,
  title = {Spin State Transition in ${\mathrm{LaCoO}}_{3}$ Studied Using Soft X-ray Absorption Spectroscopy and Magnetic Circular Dichroism},
  author = {Haverkort, M. W. and Hu, Z. and Cezar, J. C. and Burnus, T. and Hartmann, H. and Reuther, M. and Zobel, C. and Lorenz, T. and Tanaka, A. and Brookes, N. B. and Hsieh, H. H. and Lin, H.-J. and Chen, C. T. and Tjeng, L. H.},
  journal = {Phys. Rev. Lett.},
  volume = {97},
  issue = {17},
  pages = {176405},
  numpages = {4},
  year = {2006},
  month = {Oct},
  publisher = {American Physical Society},
  doi = {10.1103/PhysRevLett.97.176405},
  url = {http://link.aps.org/doi/10.1103/PhysRevLett.97.176405}
}

@article{Zopka,
  title = {${}^{5}D$ term origin of the excited triplet in ${\mathrm{LaCoO}}_{3}$},
  author = {Ropka, Z. and Radwanski, R. J.},
  journal = {Phys. Rev. B},
  volume = {67},
  issue = {17},
  pages = {172401},
  numpages = {4},
  year = {2003},
  month = {May},
  publisher = {American Physical Society},
  doi = {10.1103/PhysRevB.67.172401},
  url = {http://link.aps.org/doi/10.1103/PhysRevB.67.172401}
}
@article{Sundaram,
  title = {Local Structure of ${\mathrm{La}}_{1-x}{\mathrm{Sr}}_{x}{\mathrm{CoO}}_{3}$ Determined from EXAFS and Neutron Pair Distribution Function Studies},
  author = {Sundaram, N. and Jiang, Y. and Anderson, I. E. and Belanger, D. P. and Booth, C. H. and Bridges, F. and Mitchell, J. F. and Proffen, Th. and Zheng, H.},
  journal = {Phys. Rev. Lett.},
  volume = {102},
  issue = {2},
  pages = {026401},
  numpages = {4},
  year = {2009},
  month = {Jan},
  publisher = {American Physical Society},
  doi = {10.1103/PhysRevLett.102.026401},
  url = {http://link.aps.org/doi/10.1103/PhysRevLett.102.026401}
}

@article{Striped,
author = {Choi, Woo Seok and Kwon, Ji-Hwan and Jeen, Hyoungjeen and Hamann-Borrero, Jorge E. and Radi, Abdullah and Macke, Sebastian and Sutarto, Ronny and He, Feizhou and Sawatzky, George A. and Hinkov, Vladimir and Kim, Miyoung and Lee, Ho Nyung},
title = {Strain-Induced Spin States in Atomically Ordered Cobaltites},
journal = {Nano Letters},
volume = {12},
number = {9},
pages = {4966-4970},
year = {2012},
doi = {10.1021/nl302562f},
    note ={PMID: 22889011},
URL = { 
        http://dx.doi.org/10.1021/nl302562
},
eprint = {  http://dx.doi.org/10.1021/nl302562f }
}

@article{Eder,
  title = {Spin-state transition in ${\text{LaCoO}}_{3}$ by variational cluster approximation},
  author = {Eder, R.},
  journal = {Phys. Rev. B},
  volume = {81},
  issue = {3},
  pages = {035101},
  numpages = {10},
  year = {2010},
  month = {Jan},
  publisher = {American Physical Society},
  doi = {10.1103/PhysRevB.81.035101},
  url = {http://link.aps.org/doi/10.1103/PhysRevB.81.035101}
}
@article{Bari,
  title = {Low-Spin-High-Spin Transitions in Transition-Metal-Ion Compounds},
  author = {Bari, Robert A. and Sivardi\`ere, J.},
  journal = {Phys. Rev. B},
  volume = {5},
  issue = {11},
  pages = {4466--4471},
  numpages = {0},
  year = {1972},
  month = {Jun},
  publisher = {American Physical Society},
  doi = {10.1103/PhysRevB.5.4466},
  url = {http://link.aps.org/doi/10.1103/PhysRevB.5.4466}
}

@article{Asaka,
  title = {Thermodynamical analysis of spin-state transitions in $\mathrm{La}\mathrm{Co}{\mathrm{O}}_{3}$: Negative energy of mixing to assist thermal excitation to the high-spin excited state},
  author = {Ky\^omen, T\^oru and Asaka, Yoshinori and Itoh, Mitsuru},
  journal = {Phys. Rev. B},
  volume = {71},
  issue = {2},
  pages = {024418},
  numpages = {6},
  year = {2005},
  month = {Jan},
  publisher = {American Physical Society},
  doi = {10.1103/PhysRevB.71.024418},
  url = {http://link.aps.org/doi/10.1103/PhysRevB.71.024418}
}

@article{Craco,
  title = {Dynamical correlations across the spin-state transition in $\mathrm{La}\mathrm{Co}{\mathrm{O}}_{3}$},
  author = {Craco, L. and M\"uller-Hartmann, E.},
  journal = {Phys. Rev. B},
  volume = {77},
  issue = {4},
  pages = {045130},
  numpages = {7},
  year = {2008},
  month = {Jan},
  publisher = {American Physical Society},
  doi = {10.1103/PhysRevB.77.045130},
  url = {http://link.aps.org/doi/10.1103/PhysRevB.77.045130}
}

@article{Korotin,
  title = {Intermediate-spin state and properties of ${\mathrm{LaCoO}}_{3}$},
  author = {Korotin, M. A. and Ezhov, S. Yu. and Solovyev, I. V. and Anisimov, V. I. and Khomskii, D. I. and Sawatzky, G. A.},
  journal = {Phys. Rev. B},
  volume = {54},
  issue = {8},
  pages = {5309--5316},
  numpages = {0},
  year = {1996},
  month = {Aug},
  publisher = {American Physical Society},
  doi = {10.1103/PhysRevB.54.5309},
  url = {http://link.aps.org/doi/10.1103/PhysRevB.54.5309}
}

@article{Pandey,
  title = {Investigation of the spin state of Co in $\mathrm{La}\mathrm{Co}{\mathrm{O}}_{3}$ at room temperature:     \textit{Ab initio}   calculations and high-resolution photoemission spectroscopy of single crystals},
  author = {Pandey, S. K. and Kumar, Ashwani and Patil, S. and Medicherla, V. R. R. and Singh, R. S. and Maiti, K. and Prabhakaran, D. and Boothroyd, A. T. and Pimpale, A. V.},
  journal = {Phys. Rev. B},
  volume = {77},
  issue = {4},
  pages = {045123},
  numpages = {7},
  year = {2008},
  month = {Jan},
  publisher = {American Physical Society},
  doi = {10.1103/PhysRevB.77.045123},
  url = {http://link.aps.org/doi/10.1103/PhysRevB.77.045123}
}

@article{Radaelli,
  title = {Structural phenomena associated with the spin-state transition in ${\mathrm{LaCoO}}_{3}$},
  author = {Radaelli, P. G. and Cheong, S.-W.},
  journal = {Phys. Rev. B},
  volume = {66},
  issue = {9},
  pages = {094408},
  numpages = {9},
  year = {2002},
  month = {Sep},
  publisher = {American Physical Society},
  doi = {10.1103/PhysRevB.66.094408},
  url = {http://link.aps.org/doi/10.1103/PhysRevB.66.094408}
}

@article{Abbate,
  title = {Electronic structure and spin-state transition of ${\mathrm{LaCoO}}_{3}$},
  author = {Abbate, M. and Fuggle, J. C. and Fujimori, A. and Tjeng, L. H. and Chen, C. T. and Potze, R. and Sawatzky, G. A. and Eisaki, H. and Uchida, S.},
  journal = {Phys. Rev. B},
  volume = {47},
  issue = {24},
  pages = {16124--16130},
  numpages = {0},
  year = {1993},
  month = {Jun},
  publisher = {American Physical Society},
  doi = {10.1103/PhysRevB.47.16124},
  url = {http://link.aps.org/doi/10.1103/PhysRevB.47.16124}
}

@article{Zobel,
  title = {Evidence for a low-spin to intermediate-spin state transition in ${\mathrm{LaCoO}}_{3}$},
  author = {Zobel, C. and Kriener, M. and Bruns, D. and Baier, J. and Gr\"uninger, M. and Lorenz, T. and Reutler, P. and Revcolevschi, A.},
  journal = {Phys. Rev. B},
  volume = {66},
  issue = {2},
  pages = {020402},
  numpages = {4},
  year = {2002},
  month = {Jun},
  publisher = {American Physical Society},
  doi = {10.1103/PhysRevB.66.020402},
  url = {http://link.aps.org/doi/10.1103/PhysRevB.66.020402}
}

@article{Masuda,
  title = {Observation of anomalously enhanced satellite in metastable atom electron spectrum of ${\mathrm{LaCoO}}_{3}$},
  author = {Masuda, S. and Aoki, M. and Harada, Y. and Hirohashi, H. and Watanabe, Y. and Sakisaka, Y. and Kato, H.},
  journal = {Phys. Rev. Lett.},
  volume = {71},
  issue = {25},
  pages = {4214--4217},
  numpages = {0},
  year = {1993},
  month = {Dec},
  publisher = {American Physical Society},
  doi = {10.1103/PhysRevLett.71.4214},
  url = {http://link.aps.org/doi/10.1103/PhysRevLett.71.4214}
}

@article{Klie,
  title = {Direct Measurement of the Low-Temperature Spin-State Transition in ${\mathrm{LaCoO}}_{3}$},
  author = {Klie, R. F. and Zheng, J. C. and Zhu, Y. and Varela, M. and Wu, J. and Leighton, C.},
  journal = {Phys. Rev. Lett.},
  volume = {99},
  issue = {4},
  pages = {047203},
  numpages = {4},
  year = {2007},
  month = {Jul},
  publisher = {American Physical Society},
  doi = {10.1103/PhysRevLett.99.047203},
  url = {http://link.aps.org/doi/10.1103/PhysRevLett.99.047203}
}

@article{Kunes_main,
  title = {Spin state transition and covalent bonding in LaCoO${}_{3}$},
  author = {K\ifmmode \check{r}\else \v{r}\fi{}\'apek, V. and Nov\'ak, P. and Kune\ifmmode \check{s}\else \v{s}\fi{}, J. and Novoselov, D. and Korotin, Dm. M. and Anisimov, V. I.},
  journal = {Phys. Rev. B},
  volume = {86},
  issue = {19},
  pages = {195104},
  numpages = {9},
  year = {2012},
  month = {Nov},
  publisher = {American Physical Society},
  doi = {10.1103/PhysRevB.86.195104},
  url = {http://link.aps.org/doi/10.1103/PhysRevB.86.195104}
}

@article{Zhang,
  title = {Importance of exchange anisotropy and superexchange for the spin-state transitions in $R$CoO${}_{3}$ ($R=$ rare earth) cobaltates},
  author = {Zhang, Guoren and Gorelov, Evgeny and Koch, Erik and Pavarini, Eva},
  journal = {Phys. Rev. B},
  volume = {86},
  issue = {18},
  pages = {184413},
  numpages = {10},
  year = {2012},
  month = {Nov},
  publisher = {American Physical Society},
  doi = {10.1103/PhysRevB.86.184413},
  url = {http://link.aps.org/doi/10.1103/PhysRevB.86.184413}
}

@article{Zaanen,
  title = {Band gaps and electronic structure of transition-metal compounds},
  author = {Zaanen, J. and Sawatzky, G. A. and Allen, J. W.},
  journal = {Phys. Rev. Lett.},
  volume = {55},
  issue = {4},
  pages = {418--421},
  numpages = {0},
  year = {1985},
  month = {Jul},
  publisher = {American Physical Society},
  doi = {10.1103/PhysRevLett.55.418},
  url = {http://link.aps.org/doi/10.1103/PhysRevLett.55.418}
}

@article{Fuchs1,
  title = {Ferromagnetic order in epitaxially strained $\mathrm{La}\mathrm{Co}{\mathrm{O}}_{3}$ thin films},
  author = {Fuchs, D. and Pinta, C. and Schwarz, T. and Schweiss, P. and Nagel, P. and Schuppler, S. and Schneider, R. and Merz, M. and Roth, G. and v. L\"ohneysen, H.},
  journal = {Phys. Rev. B},
  volume = {75},
  issue = {14},
  pages = {144402},
  numpages = {5},
  year = {2007},
  month = {Apr},
  publisher = {American Physical Society},
  doi = {10.1103/PhysRevB.75.144402},
  url = {http://link.aps.org/doi/10.1103/PhysRevB.75.144402}
}

@article{Fuchs2,
  title = {Tuning the magnetic properties of $\mathrm{La}\mathrm{Co}{\mathrm{O}}_{3}$ thin films by epitaxial strain},
  author = {Fuchs, D. and Arac, E. and Pinta, C. and Schuppler, S. and Schneider, R. and v. L\"ohneysen, H.},
  journal = {Phys. Rev. B},
  volume = {77},
  issue = {1},
  pages = {014434},
  numpages = {8},
  year = {2008},
  month = {Jan},
  publisher = {American Physical Society},
  doi = {10.1103/PhysRevB.77.014434},
  url = {http://link.aps.org/doi/10.1103/PhysRevB.77.014434}
}

@article{Freeland,
   author = "Freeland, J. W. and Ma, J. X. and Shi, J.",
   title = "Erratum: “Ferromagnetic spin-correlations in strained LaCoO3 thin films” [Appl. Phys. Lett.93, 212501 (2008)]",
   journal = "Applied Physics Letters",
   year = "2009",
   volume = "94",
   number = "12", 
   eid = 129903,
   pages = "-",
   url = "http://scitation.aip.org/content/aip/journal/apl/94/12/10.1063/1.3097551",
   doi = "http://dx.doi.org/10.1063/1.3097551" 
}

@article{Kriener,
  title = {Structure, magnetization, and resistivity of ${\mathrm{La}}_{1-x}{M}_{x}{\mathrm{CoO}}_{3}$ $(M=\mathrm{Ca},$ Sr, and Ba)},
  author = {Kriener, M. and Zobel, C. and Reichl, A. and Baier, J. and Cwik, M. and Berggold, K. and Kierspel, H. and Zabara, O. and Freimuth, A. and Lorenz, T.},
  journal = {Phys. Rev. B},
  volume = {69},
  issue = {9},
  pages = {094417},
  numpages = {7},
  year = {2004},
  month = {Mar},
  publisher = {American Physical Society},
  doi = {10.1103/PhysRevB.69.094417},
  url = {http://link.aps.org/doi/10.1103/PhysRevB.69.094417}
}



@article{Masayuki,
author = { Masayuki Itoh and  Ikuomi Natori and  Satoshi Kubota and  Kiyoichiro Motoya},
title = {Spin-Glass Behavior and Magnetic Phase Diagram of La1-xSrxCoO3 ( 0 ≤x ≤0.5) Studied by Magnetization Measurements},
journal = {Journal of the Physical Society of Japan},
volume = {63},
number = {4},
pages = {1486-1493},
year = {1994},
doi = {10.1143/JPSJ.63.1486},

URL = { 
        http://dx.doi.org/10.1143/JPSJ.63.1486
    
},
eprint = { 
        http://dx.doi.org/10.1143/JPSJ.63.1486
    
}

}

@article{Kunes_doped,
  title = {Doping Induced Spin State Transition in ${\mathrm{LaCoO}}_{3}$: Dynamical Mean-Field Study},
  author = {Augustinsk\'y, P. and K\ifmmode \check{r}\else \v{r}\fi{}\'apek, V. and Kune\ifmmode \check{s}\else \v{s}\fi{}, J.},
  journal = {Phys. Rev. Lett.},
  volume = {110},
  issue = {26},
  pages = {267204},
  numpages = {5},
  year = {2013},
  month = {Jun},
  publisher = {American Physical Society},
  doi = {10.1103/PhysRevLett.110.267204},
  url = {http://link.aps.org/doi/10.1103/PhysRevLett.110.267204}
}

  	
@article{Belanger1,
  author={A M Durand and D P Belanger and T J Hamil and F Ye and S Chi and J A Fernandez-Baca and C H Booth and Y Abdollahian and M Bhat},
  title={The unusual magnetism of nanoparticle LaCoO 3},
  journal={Journal of Physics: Condensed Matter},
  volume={27},
  number={17},
  pages={176003},
  url={http://stacks.iop.org/0953-8984/27/i=17/a=176003},
  year={2015},
  }

@article{Anisimov,
  title = {Influence of rare-earth ion radii on the low-spin to intermediate-spin state transition in lanthanide cobaltite perovskites: ${\mathrm{LaCoO}}_{3}$ versus ${\mathrm{HoCoO}}_{3}$},
  author = {Nekrasov, I. A. and Streltsov, S. V. and Korotin, M. A. and Anisimov, V. I.},
  journal = {Phys. Rev. B},
  volume = {68},
  issue = {23},
  pages = {235113},
  numpages = {7},
  year = {2003},
  month = {Dec},
  publisher = {American Physical Society},
  doi = {10.1103/PhysRevB.68.235113},
  url = {http://link.aps.org/doi/10.1103/PhysRevB.68.235113}
}

@article{Fuchs3,
  title = {Suppression of the ferromagnetic state in ${\text{LaCoO}}_{3}$ films by rhombohedral distortion},
  author = {Fuchs, D. and Dieterle, L. and Arac, E. and Eder, R. and Adelmann, P. and Eyert, V. and Kopp, T. and Schneider, R. and Gerthsen, D. and v. L\"ohneysen, H.},
  journal = {Phys. Rev. B},
  volume = {79},
  issue = {2},
  pages = {024424},
  numpages = {9},
  year = {2009},
  month = {Jan},
  publisher = {American Physical Society},
  doi = {10.1103/PhysRevB.79.024424},
  url = {http://link.aps.org/doi/10.1103/PhysRevB.79.024424}
}
@article{Gne,
   author = "Gnezdilov, V. and Fomin, V. and Yeremenko, A. V. and Choi, K.-Y. and Pashkevich, Yu. and Lemmens, P. and Shiryaev, S. and Bychkov, G. and Barilo, S.",
   title = "Low-temperature mixed spin state of Co3+ in LaCoO3 evidenced from Jahn–Teller lattice distortions",
   journal = "Low Temperature Physics",
   year = "2006",
   volume = "32",
   number = "2", 
   pages = "162-168",
   url = "http://scitation.aip.org/content/aip/journal/ltp/32/2/10.1063/1.2171521",
   doi = "http://dx.doi.org/10.1063/1.2171521" 
}

@article{Herklotz,
  title = {Reversible strain effect on the magnetization of ${\text{LaCoO}}_{3}$ films},
  author = {Herklotz, A. and Rata, A. D. and Schultz, L. and D\"orr, K.},
  journal = {Phys. Rev. B},
  volume = {79},
  issue = {9},
  pages = {092409},
  numpages = {4},
  year = {2009},
  month = {Mar},
  publisher = {American Physical Society},
  doi = {10.1103/PhysRevB.79.092409},
  url = {http://link.aps.org/doi/10.1103/PhysRevB.79.092409}
}

@article{Maris,
  title = {Evidence for orbital ordering in ${\mathrm{LaCoO}}_{3}$},
  author = {Maris, G. and Ren, Y. and Volotchaev, V. and Zobel, C. and Lorenz, T. and Palstra, T. T. M.},
  journal = {Phys. Rev. B},
  volume = {67},
  issue = {22},
  pages = {224423},
  numpages = {5},
  year = {2003},
  month = {Jun},
  publisher = {American Physical Society},
  doi = {10.1103/PhysRevB.67.224423},
  url = {http://link.aps.org/doi/10.1103/PhysRevB.67.224423}
}
@article{nemeth,
  title = {Microscopic origin of the magnetoelectronic phase separation in Sr-doped LaCoO${}_{3}$},
  author = {N\'emeth, Zolt\'an and Szab\'o, Andr\'as and Kn\'{i}\ifmmode \check{z}\else \v{z}\fi{}ek, Karel and Sikora, Marcin and Chernikov, Roman and Sas, Norbert and Bogd\'an, Csilla and Nagy, D\'enes Lajos and Vank\'o, Gy\"orgy},
  journal = {Phys. Rev. B},
  volume = {88},
  issue = {3},
  pages = {035125},
  numpages = {9},
  year = {2013},
  month = {Jul},
  publisher = {American Physical Society},
  doi = {10.1103/PhysRevB.88.035125},
  url = {http://link.aps.org/doi/10.1103/PhysRevB.88.035125}
}

@article{Rondinelli,
  title = {Structural effects on the spin-state transition in epitaxially strained ${\text{LaCoO}}_{3}$ films},
  author = {Rondinelli, James M. and Spaldin, Nicola A.},
  journal = {Phys. Rev. B},
  volume = {79},
  issue = {5},
  pages = {054409},
  numpages = {7},
  year = {2009},
  month = {Feb},
  publisher = {American Physical Society},
  doi = {10.1103/PhysRevB.79.054409},
  url = {http://link.aps.org/doi/10.1103/PhysRevB.79.054409}
}
@article{Dmft1,
  title = {Dynamical mean-field theory of strongly correlated fermion systems and the limit of infinite dimensions},
  author = {Georges, Antoine and Kotliar, Gabriel and Krauth, Werner and Rozenberg, Marcelo J.},
  journal = {Rev. Mod. Phys.},
  volume = {68},
  issue = {1},
  pages = {13--125},
  numpages = {0},
  year = {1996},
  month = {Jan},
  publisher = {American Physical Society},
  doi = {10.1103/RevModPhys.68.13},
  url = {http://link.aps.org/doi/10.1103/RevModPhys.68.13}
}

@article{Dmft2,
  title = {Electronic structure calculations with dynamical mean-field theory},
  author = {Kotliar, G. and Savrasov, S. Y. and Haule, K. and Oudovenko, V. S. and Parcollet, O. and Marianetti, C. A.},
  journal = {Rev. Mod. Phys.},
  volume = {78},
  issue = {3},
  pages = {865--951},
  numpages = {0},
  year = {2006},
  month = {Aug},
  publisher = {American Physical Society},
  doi = {10.1103/RevModPhys.78.865},
  url = {http://link.aps.org/doi/10.1103/RevModPhys.78.865}
}

@article{Dmft3,
  title = {Dynamical mean-field theory within the full-potential methods: Electronic structure of ${\text{CeIrIn}}_{5}$, ${\text{CeCoIn}}_{5}$, and ${\text{CeRhIn}}_{5}$},
  author = {Haule, Kristjan and Yee, Chuck-Hou and Kim, Kyoo},
  journal = {Phys. Rev. B},
  volume = {81},
  issue = {19},
  pages = {195107},
  numpages = {30},
  year = {2010},
  month = {May},
  publisher = {American Physical Society},
  doi = {10.1103/PhysRevB.81.195107},
  url = {http://link.aps.org/doi/10.1103/PhysRevB.81.195107}
}

@book{wien2k,
    author = {Blaha, P. and Schwarz, K. and Madsen, G. K. H. and Kvasnicka, D. and Luitz, J.},
    citeulike-article-id = {6205108},
    keywords = {electronic-structure},
    location = {Wien, Austria},
    posted-at = {2009-11-24 14:29:14},
    priority = {0},
    publisher = {{K}arlheinz Schwarz, Techn. Universit\"{a}t Wien, Austria},
    title = {{WIEN2K}, {A}n {A}ugmented {P}lane {W}ave + {L}ocal {O}rbitals {P}rogram for {C}alculating {C}rystal {P}roperties},
    year = {2001}
}

@article{haule,
author = {Kristjan Haule},
title = {Quantum Monte Carlo impurity solver for cluster dynamical mean-field theory and electronic structure calculations with adjustable cluster base},
publisher = {APS},
year = {2007},
journal = {Phys. Rev. B},
volume = {75},
number = {15},
eid = {155113},
pages = {155113},
doi = {10.1103/PhysRevB.75.155113},
url = {http://link.aps.org/doi/10.1103/PhysRevB.75.155113}
}

@article{Thornton,
author = {Thornton, G and Tofield, B.c and Hewat, A.W},
title = {A neutron diffraction study of LaCoO3 in the temperature range 4.2 T < 1248 K},
publisher = {Elsevier},
year = {1986},
journal = {Journal of Solid State Chemistry},
volume = {61},
pages = {301-307},
number= {3},
doi = {10.1016/0022-4596(86)90035-6},
}

@ARTICLE{Birol,
  title = {Free Energy from Stationary Implementation of the $\mathrm{DFT}+\mathrm{DMFT}$ Functional},
  author = {Haule, Kristjan and Birol, Turan},
  journal = {Phys. Rev. Lett.},
  volume = {115},
  issue = {25},
  pages = {256402},
  numpages = {6},
  year = {2015},
  month = {Dec},
  publisher = {American Physical Society},
  doi = {10.1103/PhysRevLett.115.256402},
  url = {http://link.aps.org/doi/10.1103/PhysRevLett.115.256402}
}

@article{Stolen,
  title = {Energetics of the spin transition in ${\mathrm{LaCoO}}_{3}$},
  author = {St\o{}len, Svein and Gr\o{}nvold, Fredrik and Brinks, Hendrik and Atake, Tooru and Mori, Hideki},
  journal = {Phys. Rev. B},
  volume = {55},
  issue = {21},
  pages = {14103--14106},
  numpages = {0},
  year = {1997},
  month = {Jun},
  publisher = {American Physical Society},
  doi = {10.1103/PhysRevB.55.14103},
  url = {http://link.aps.org/doi/10.1103/PhysRevB.55.14103}
}

@article{Vogt,
  title = {Pressure-induced intermediate-to-low spin state transition in ${\mathrm{LaCoO}}_{3}$},
  author = {Vogt, T. and Hriljac, J. A. and Hyatt, N. C. and Woodward, P.},
  journal = {Phys. Rev. B},
  volume = {67},
  issue = {14},
  pages = {140401},
  numpages = {4},
  year = {2003},
  month = {Apr},
  publisher = {American Physical Society},
  doi = {10.1103/PhysRevB.67.140401},
  url = {http://link.aps.org/doi/10.1103/PhysRevB.67.140401}
}



