@article{Vasp,
  title = {\textit{Ab initio}   molecular dynamics for liquid metals},
  author = {Kresse, G. and Hafner, J.},
  journal = {Phys. Rev. B},
  volume = {47},
  issue = {1},
  pages = {558--561},
  numpages = {0},
  year = {1993},
  month = {Jan},
  publisher = {American Physical Society},
  doi = {10.1103/PhysRevB.47.558},
  url = {http://link.aps.org/doi/10.1103/PhysRevB.47.558}
}


@article{Abinit,
title = "ABINIT: First-principles approach to material and nanosystem properties ",
journal = "Computer Physics Communications ",
volume = "180",
number = "12",
pages = "2582 - 2615",
year = "2009",
note = "40 \{YEARS\} \{OF\} CPC: A celebratory issue focused on quality software for high performance, grid and novel computing architectures ",
issn = "0010-4655",
doi = "http://dx.doi.org/10.1016/j.cpc.2009.07.007",
url = "http://www.sciencedirect.com/science/article/pii/S0010465509002276",
author = "X. Gonze and B. Amadon and P.-M. Anglade and J.-M. Beuken and F. Bottin and P. Boulanger and F. Bruneval and D. Caliste and R. Caracas and M. Côté and T. Deutsch and L. Genovese and Ph. Ghosez and M. Giantomassi and S. Goedecker and D.R. Hamann and P. Hermet and F. Jollet and G. Jomard and S. Leroux and M. Mancini and S. Mazevet and M.J.T. Oliveira and G. Onida and Y. Pouillon and T. Rangel and G.-M. Rignanese and D. Sangalli and R. Shaltaf and M. Torrent and M.J. Verstraete and G. Zerah and J.W. Zwanziger",
keywords = "First-principles calculation",
keywords = "Electronic structure",
keywords = "Density-Functional Theory",
keywords = "Many-Body Perturbation Theory "
}

@article{Quantum_Espresso,
  author={Paolo Giannozzi and Stefano Baroni and Nicola Bonini and Matteo Calandra and Roberto Car and Carlo Cavazzoni and Davide
Ceresoli and Guido L Chiarotti and Matteo Cococcioni and Ismaila Dabo and Andrea Dal Corso and Stefano de
Gironcoli and Stefano Fabris and Guido Fratesi and Ralph Gebauer and Uwe Gerstmann and Christos Gougoussis and Anton
Kokalj and Michele Lazzeri and Layla Martin-Samos and Nicola Marzari and Francesco Mauri and Riccardo Mazzarello and Stefano
Paolini and Alfredo Pasquarello and Lorenzo Paulatto and Carlo Sbraccia and Sandro Scandolo and Gabriele Sclauzero and Ari P
Seitsonen and Alexander Smogunov and Paolo Umari and Renata M Wentzcovitch},
  title={QUANTUM ESPRESSO: a modular and open-source software project for quantum simulations of materials},
  journal={Journal of Physics: Condensed Matter},
  volume={21},
  number={39},
  pages={395502},
  url={http://stacks.iop.org/0953-8984/21/i=39/a=395502},
  year={2009},
}


@article{Haule_Pu,
	Annote = {10.1038/nature05647},
	Author = {Shim, J. H. and Haule, K. and Kotliar, G.},
	Date = {2007/03/29/print},
	Date-Added = {2016-11-29 23:31:49 +0000},
	Date-Modified = {2016-11-29 23:31:49 +0000},
	Day = {29},
	Isbn = {0028-0836},
	Journal = {Nature},
	L3 = {http://www.nature.com/nature/journal/v446/n7135/suppinfo/nature05647_S1.html},
	M3 = {10.1038/nature05647},
	Month = {03},
	Number = {7135},
	Pages = {513--516},
	Publisher = {Nature Publishing Group},
	Title = {Fluctuating valence in a correlated solid and the anomalous properties of {$[$}dgr{$]$}-plutonium},
	Ty = {JOUR},
	Url = {http://dx.doi.org/10.1038/nature05647},
	Volume = {446},
	Year = {2007},
	Bdsk-Url-1 = {http://dx.doi.org/10.1038/nature05647}}
	
@article {Me_Pu,
	author = {Janoschek, Marc and Das, Pinaki and Chakrabarti, Bismayan and Abernathy, Douglas L. and Lumsden, Mark D. and Lawrence, John M. and Thompson, Joe D. and Lander, Gerard H. and Mitchell, Jeremy N. and Richmond, Scott and Ramos, Mike and Trouw, Frans and Zhu, Jian-Xin and Haule, Kristjan and Kotliar, Gabriel and Bauer, Eric D.},
	title = {The valence-fluctuating ground state of plutonium},
	volume = {1},
	number = {6},
	year = {2015},
	doi = {10.1126/sciadv.1500188},
	publisher = {American Association for the Advancement of Science},
	URL = {http://advances.sciencemag.org/content/1/6/e1500188},
	eprint = {http://advances.sciencemag.org/content/1/6/e1500188.full.pdf},
	journal = {Science Advances}
}

@article{Millis_DC,
  title = {Covalency, double-counting, and the metal-insulator phase diagram in transition metal oxides},
  author = {Wang, Xin and Han, M. J. and de' Medici, Luca and Park, Hyowon and Marianetti, C. A. and Millis, Andrew J.},
  journal = {Phys. Rev. B},
  volume = {86},
  issue = {19},
  pages = {195136},
  numpages = {10},
  year = {2012},
  month = {Nov},
  publisher = {American Physical Society},
  doi = {10.1103/PhysRevB.86.195136},
  url = {http://link.aps.org/doi/10.1103/PhysRevB.86.195136}
}

@article{Haule_DC,
  title = {Exact Double Counting in Combining the Dynamical Mean Field Theory and the Density Functional Theory},
  author = {Haule, Kristjan},
  journal = {Phys. Rev. Lett.},
  volume = {115},
  issue = {19},
  pages = {196403},
  numpages = {5},
  year = {2015},
  month = {Nov},
  publisher = {American Physical Society},
  doi = {10.1103/PhysRevLett.115.196403},
  url = {http://link.aps.org/doi/10.1103/PhysRevLett.115.196403}
}

@article{Sawatsky_DC,
  title = {Local-density functional and on-site correlations: The electronic structure of ${\mathrm{La}}_{2}$${\mathrm{CuO}}_{4}$ and ${\mathrm{LaCuO}}_{3}$},
  author = {Czy\ifmmode \dot{z}\else \.{z}\fi{}yk, M. T. and Sawatzky, G. A.},
  journal = {Phys. Rev. B},
  volume = {49},
  issue = {20},
  pages = {14211--14228},
  numpages = {0},
  year = {1994},
  month = {May},
  publisher = {American Physical Society},
  doi = {10.1103/PhysRevB.49.14211},
  url = {http://link.aps.org/doi/10.1103/PhysRevB.49.14211}
}

@ARTICLE{Hohenberg_Kohn,
   author = {{Hohenberg}, P. and {Kohn}, W.},
    title = "{Inhomogeneous Electron Gas}",
  journal = {Physical Review},
     year = 1964,
    month = nov,
   volume = 136,
    pages = {864-871},
      doi = {10.1103/PhysRev.136.B864},
   adsurl = {http://adsabs.harvard.edu/abs/1964PhRv..136..864H},
  adsnote = {Provided by the SAO/NASA Astrophysics Data System}
}

@article{Kohn_Sham,
  title = {Self-Consistent Equations Including Exchange and Correlation Effects},
  author = {Kohn, W. and Sham, L. J.},
  journal = {Phys. Rev.},
  volume = {140},
  issue = {4A},
  pages = {A1133--A1138},
  numpages = {0},
  year = {1965},
  month = {Nov},
  publisher = {American Physical Society},
  doi = {10.1103/PhysRev.140.A1133},
  url = {http://link.aps.org/doi/10.1103/PhysRev.140.A1133}
}

@article{Kotliar_RMP,
  title = {Dynamical mean-field theory of strongly correlated fermion systems and the limit of infinite dimensions},
  author = {Georges, Antoine and Kotliar, Gabriel and Krauth, Werner and Rozenberg, Marcelo J.},
  journal = {Rev. Mod. Phys.},
  volume = {68},
  issue = {1},
  pages = {13--125},
  numpages = {0},
  year = {1996},
  month = {Jan},
  publisher = {American Physical Society},
  doi = {10.1103/RevModPhys.68.13},
  url = {http://link.aps.org/doi/10.1103/RevModPhys.68.13}
}

@ARTICLE{Held_Review,
   author = {{Held}, K.},
    title = "{Electronic Structure Calculations using Dynamical Mean Field Theory}",
  journal = {eprint arXiv:cond-mat/0511293},
   eprint = {cond-mat/0511293},
 keywords = {Condensed Matter - Strongly Correlated Electrons, Condensed Matter - Materials Science},
     year = 2005,
    month = nov,
   adsurl = {http://adsabs.harvard.edu/abs/2005cond.mat.11293H},
  adsnote = {Provided by the SAO/NASA Astrophysics Data System}
}

@article{Marianetti_Pu,
  volume = {101},
  journal = {Phys. Rev. Lett.},
  month = {Aug},
  numpages = {4},
  author = {Marianetti, C. A. and Haule, K. and Kotliar, G. and Fluss, M. J.},
  title = {Electronic Coherence in $\delta$-Pu: A Dynamical Mean-Field Theory Study},
  year = {2008},
  url = {http://link.aps.org/doi/10.1103/PhysRevLett.101.056403},
  doi = {10.1103/PhysRevLett.101.056403},
  issue = {5},
  publisher = {American Physical Society},
  pages = {056403}
}

@article{Chuck_prb,
  title = {Dynamical mean-field theory within the full-potential methods: Electronic structure of ${\text{CeIrIn}}_{5}$, ${\text{CeCoIn}}_{5}$, and ${\text{CeRhIn}}_{5}$},
  author = {Haule, Kristjan and Yee, Chuck-Hou and Kim, Kyoo},
  journal = {Phys. Rev. B},
  volume = {81},
  issue = {19},
  pages = {195107},
  numpages = {30},
  year = {2010},
  month = {May},
  publisher = {American Physical Society},
  doi = {10.1103/PhysRevB.81.195107},
  url = {http://link.aps.org/doi/10.1103/PhysRevB.81.195107}
}

@article{Lashley1,
  title = {Experimental Electronic Heat Capacities of $\ensuremath{\alpha}$- and $\ensuremath{\delta}$-Plutonium: Heavy-Fermion Physics in an Element},
  author = {Lashley, J. C. and Singleton, J. and Migliori, A. and Betts, J. B. and Fisher, R. A. and Smith, J. L. and McQueeney, R. J.},
  journal = {Phys. Rev. Lett.},
  volume = {91},
  issue = {20},
  pages = {205901},
  numpages = {4},
  year = {2003},
  month = {Nov},
  publisher = {American Physical Society},
  doi = {10.1103/PhysRevLett.91.205901},
  url = {http://link.aps.org/doi/10.1103/PhysRevLett.91.205901}
}

  	
@article{Quint_1,
  author={Jorge Quintanilla and Chris Hooley},
  title={The strong-correlations puzzle},
  journal={Physics World},
  volume={22},
  number={06},
  pages={32},
  url={http://stacks.iop.org/2058-7058/22/i=06/a=38},
  year={2009},
}

@article{Yang,
author = {Yang, Yi-feng and Pines, David}, 
title = {Emergent states in heavy-electron materials},
volume = {109}, 
number = {45}, 
pages = {E3060-E3066}, 
year = {2012}, 
doi = {10.1073/pnas.1211186109}, 
URL = {http://www.pnas.org/content/109/45/E3060.abstract}, 
eprint = {http://www.pnas.org/content/109/45/E3060.full.pdf}, 
journal = {Proceedings of the National Academy of Sciences} 
}

@ARTICLE{me_arxiv,
   author = {{Chakrabarti}, B. and {Birol}, T. and {Haule}, K.},
    title = "{Role of Entropy and Structural Parameters in the Spin State Transition of LaCoO$\_3$}",
  journal = {ArXiv e-prints},
archivePrefix = "arXiv",
   eprint = {1605.08611},
 primaryClass = "cond-mat.mtrl-sci",
 keywords = {Condensed Matter - Materials Science},
     year = 2016,
    month = may,
   adsurl = {http://adsabs.harvard.edu/abs/2016arXiv160508611C},
  adsnote = {Provided by the SAO/NASA Astrophysics Data System},
}

@article {LAPW_Book,
title={Planewaves, Pseudopotentials, and the LAPW Method},
author={Singh, David. J and Nordstron, Lars},
publisher={Springer US},
doi={10.1007/978-0-387-29684-5},
year={2006},
edition={2},
}


@article{Zhipin_Mag,
	Author = {Yin, Z. P. and Haule, K. and Kotliar, G.},
	Date = {2014/11//print},
	Date-Added = {2016-12-05 05:51:45 +0000},
	Date-Modified = {2016-12-05 05:51:45 +0000},
	Isbn = {1745-2473},
	Journal = {Nat Phys},
	L3 = {10.1038/nphys3116; http://www.nature.com/nphys/journal/v10/n11/abs/nphys3116.html#supplementary-information},
	M3 = {Letter},
	Month = {11},
	Number = {11},
	Pages = {845--850},
	Publisher = {Nature Publishing Group},
	Title = {Spin dynamics and orbital-antiphase pairing symmetry in iron-based superconductors},
	Ty = {JOUR},
	Url = {http://dx.doi.org/10.1038/nphys3116},
	Volume = {10},
	Year = {2014},
	Bdsk-Url-1 = {http://dx.doi.org/10.1038/nphys3116}}

@article{Pu_muon,
  title = {Limits for ordered magnetism in Pu from muon spin rotation spectroscopy},
  author = {Heffner, R. H. and Morris, G. D. and Fluss, M. J. and Chung, B. and McCall, S. and MacLaughlin, D. E. and Shu, L. and Ohishi, K. and Bauer, E. D. and Sarrao, J. L. and Higemoto, W. and Ito, T. U.},
  journal = {Phys. Rev. B},
  volume = {73},
  issue = {9},
  pages = {094453},
  numpages = {5},
  year = {2006},
  month = {Mar},
  publisher = {American Physical Society},
  doi = {10.1103/PhysRevB.73.094453},
  url = {http://link.aps.org/doi/10.1103/PhysRevB.73.094453}
}

@article{Pu_CHPES,
  title = {Valence fluctuations in thin films and the $\ensuremath{\alpha}$ and $\ensuremath{\delta}$ phases of Pu metal determined by $4f$ core-level photoemission calculations},
  author = {van der Laan, G. and Taguchi, M.},
  journal = {Phys. Rev. B},
  volume = {82},
  issue = {4},
  pages = {045114},
  numpages = {12},
  year = {2010},
  month = {Jul},
  publisher = {American Physical Society},
  doi = {10.1103/PhysRevB.82.045114},
  url = {http://link.aps.org/doi/10.1103/PhysRevB.82.045114}
}
