@article{Kotliar1,
  title = {Dynamical mean-field theory of strongly correlated fermion systems and the limit of infinite dimensions},
  author = {Georges, Antoine and Kotliar, Gabriel and Krauth, Werner and Rozenberg, Marcelo J.},
  journal = {Rev. Mod. Phys.},
  volume = {68},
  issue = {1},
  pages = {13--125},
  year = {1996},
  month = {Jan},
  doi = {10.1103/RevModPhys.68.13},
  url = {http://link.aps.org/doi/10.1103/RevModPhys.68.13},
  publisher = {American Physical Society}
}

@article{Kotliar2,
  title = {Electronic structure calculations with dynamical mean-field theory},
  author = {Kotliar, G. and Savrasov, S. Y. and Haule, K. and Oudovenko, V. S. and Parcollet, O. and Marianetti, C. A.},
  journal = {Rev. Mod. Phys.},
  volume = {78},
  issue = {3},
  pages = {865--951},
  year = {2006},
  month = {Aug},
  doi = {10.1103/RevModPhys.78.865},
  url = {http://link.aps.org/doi/10.1103/RevModPhys.78.865},
  publisher = {American Physical Society}
}

@article{wernerqmc,
  title = {Continuous-Time Solver for Quantum Impurity Models},
  author = {Werner, Philipp and Comanac, Armin and de' Medici, Luca and Troyer, Matthias and Millis, Andrew J.},
  journal = {Phys. Rev. Lett.},
  volume = {97},
  issue = {7},
  pages = {076405},
  numpages = {4},
  year = {2006},
  month = {Aug},
  doi = {10.1103/PhysRevLett.97.076405},
  url = {http://link.aps.org/doi/10.1103/PhysRevLett.97.076405},
  publisher = {American Physical Society}
}
@article{chuckthesis,
title={TOWARDS AN AB INITIO DESCRIPTION OF CORRELATED MATERIALS},
author={ Chuck-Hou Yee},
journal={PhD thesis},
year={2012},
}
@article{coleman,
  title = {New approach to the mixed-valence problem},
  author = {Coleman, Piers},
  journal = {Phys. Rev. B},
  volume = {29},
  issue = {6},
  pages = {3035--3044},
  year = {1984},
  month = {Mar},
  doi = {10.1103/PhysRevB.29.3035},
  url = {http://link.aps.org/doi/10.1103/PhysRevB.29.3035},
  publisher = {American Physical Society}
}
@article{andrei,
  title = {Solution of the Kondo problem},
  author = {Andrei, N. and Furuya, K. and Lowenstein, J. H.},
  journal = {Rev. Mod. Phys.},
  volume = {55},
  issue = {2},
  pages = {331--402},
  year = {1983},
  month = {Apr},
  doi = {10.1103/RevModPhys.55.331},
  url = {http://link.aps.org/doi/10.1103/RevModPhys.55.331},
  publisher = {American Physical Society}
}
@article{wilson,
  title = {The renormalization group: Critical phenomena and the Kondo problem},
  author = {Wilson, Kenneth G.},
  journal = {Rev. Mod. Phys.},
  volume = {47},
  issue = {4},
  pages = {773--840},
  year = {1975},
  month = {Oct},
  doi = {10.1103/RevModPhys.47.773},
  url = {http://link.aps.org/doi/10.1103/RevModPhys.47.773},
  publisher = {American Physical Society}
}
@article{millisqmc,
  title = {Continuous-time Monte~Carlo methods for quantum impurity models},
  author = {Gull, Emanuel and Millis, Andrew J. and Lichtenstein, Alexander I. and Rubtsov, Alexey N. and Troyer, Matthias and Werner, Philipp},
  journal = {Rev. Mod. Phys.},
  volume = {83},
  issue = {2},
  pages = {349--404},
  year = {2011},
  month = {May},
  doi = {10.1103/RevModPhys.83.349},
  url = {http://link.aps.org/doi/10.1103/RevModPhys.83.349},
  publisher = {American Physical Society}
}

@article{hauleqmc,
  title = {Quantum Monte Carlo impurity solver for cluster dynamical mean-field theory and electronic structure calculations with adjustable cluster base},
  author = {Haule, Kristjan},
  journal = {Phys. Rev. B},
  volume = {75},
  issue = {15},
  pages = {155113},
  numpages = {12},
  year = {2007},
  month = {Apr},
  doi = {10.1103/PhysRevB.75.155113},
  url = {http://link.aps.org/doi/10.1103/PhysRevB.75.155113},
  publisher = {American Physical Society}
}

@article{Muller2,
author = {MÃ¼ller-Hartmann, E.},
title = {FERMIONS ON A LATTICE IN HIGH DIMENSIONS},
journal = {International Journal of Modern Physics B},
volume = {03},
number = {12},
pages = {2169-2187},
year = {1989},
doi = {10.1142/S0217979289001391},

URL = {http://www.worldscientific.com/doi/abs/10.1142/S0217979289001391},
eprint = {http://www.worldscientific.com/doi/pdf/10.1142/S0217979289001391}
}



@article{Hubbard,
author = {Hubbard, J.}, 
title = {Electron Correlations in Narrow Energy Bands},
volume = {276}, 
number = {1365}, 
pages = {238-257}, 
year = {1963}, 
doi = {10.1098/rspa.1963.0204}, 
URL = {http://rspa.royalsocietypublishing.org/content/276/1365/238.abstract}, 
eprint = {http://rspa.royalsocietypublishing.org/content/276/1365/238.full.pdf+html}, 
journal = {Proceedings of the Royal Society of London. Series A. Mathematical and Physical Sciences} 
}




@article{held,
author = {Held, K.},
title = {Electronic structure calculations using dynamical mean field theory},
journal = {Advances in Physics},
volume = {56},
number = {6},
pages = {829-926},
year = {2007},
doi = {10.1080/00018730701619647},

URL = {http://www.tandfonline.com/doi/abs/10.1080/00018730701619647},
eprint = {http://www.tandfonline.com/doi/pdf/10.1080/00018730701619647}
}

@Article{Ohkawa,
  title = {Electron Correlation in the Hubbard Modelin $d=\infty$ Dimension},
  author = {Fusayoshi J. Ohkawa},
  journal = {Journal of the Physical Society of Japan},
  volume = {60},
  number = {10},
  pages = {3218-3221},
  numpages = {3},
  year = {1991},
  url = {http://jpsj.ipap.jp/link?JPSJ/60/3218/},
  doi = {10.1143/JPSJ.60.3218},
  publisher = {The Physical Society of Japan}
}

@article{Metzner,
  title = {Correlated Lattice Fermions in $d=\infty$ Dimensions},
  author = {Metzner, Walter and Vollhardt, Dieter},
  journal = {Phys. Rev. Lett.},
  volume = {62},
  issue = {3},
  pages = {324--327},
  year = {1989},
  month = {Jan},
  doi = {10.1103/PhysRevLett.62.324},
  url = {http://link.aps.org/doi/10.1103/PhysRevLett.62.324},
  publisher = {American Physical Society}
}

@article{Muller,
author={Muller-Hartmann, E.},
journal={ Z Phys. B},
year={1989}, 
volume={74},
pages={ 507}
}

@article{Kotliar3,
  title = {Hubbard model in infinite dimensions},
  author = {Georges, Antoine and Kotliar, Gabriel},
  journal = {Phys. Rev. B},
  volume = {45},
  issue = {12},
  pages = {6479--6483},
  year = {1992},
  month = {Mar},
  doi = {10.1103/PhysRevB.45.6479},
  url = {http://link.aps.org/doi/10.1103/PhysRevB.45.6479},
  publisher = {American Physical Society}
}
@article{held2,
  title = {Mott-Hubbard Metal-Insulator Transition in Paramagnetic ${V}_{2}{O}_{3}$: An $LDA+DMFT(\mathrm{QMC})$ Study},
  author = {Held, K. and Keller, G. and Eyert, V. and Vollhardt, D. and Anisimov, V. I.},
  journal = {Phys. Rev. Lett.},
  volume = {86},
  issue = {23},
  pages = {5345--5348},
  year = {2001},
  month = {Jun},
  doi = {10.1103/PhysRevLett.86.5345},
  url = {http://link.aps.org/doi/10.1103/PhysRevLett.86.5345},
  publisher = {American Physical Society}
}

@article{held3,
  title = {Orbital state and magnetic properties of ${\mathrm{LiV}}_{2}{\mathrm{O}}_{4}$},
  author = {Nekrasov, I. A. and Pchelkina, Z. V. and Keller, G. and Pruschke, Th. and Held, K. and Krimmel, A. and Vollhardt, D. and Anisimov, V. I.},
  journal = {Phys. Rev. B},
  volume = {67},
  issue = {8},
  pages = {085111},
  numpages = {11},
  year = {2003},
  month = {Feb},
  doi = {10.1103/PhysRevB.67.085111},
  url = {http://link.aps.org/doi/10.1103/PhysRevB.67.085111},
  publisher = {American Physical Society}
}
@article{AIM,
  title = {Localized Magnetic States in Metals},
  author = {Anderson, P. W.},
  journal = {Phys. Rev.},
  volume = {124},
  issue = {1},
  pages = {41--53},
  year = {1961},
  month = {Oct},
  doi = {10.1103/PhysRev.124.41},
  url = {http://link.aps.org/doi/10.1103/PhysRev.124.41},
  publisher = {American Physical Society}
}
@article{AndersonKondo,
  title = {Exact Results in the Kondo Problem: Equivalence to a Classical One-Dimensional Coulomb Gas},
  author = {Anderson, P. W. and Yuval, G.},
  journal = {Phys. Rev. Lett.},
  volume = {23},
  issue = {2},
  pages = {89--92},
  year = {1969},
  month = {Jul},
  doi = {10.1103/PhysRevLett.23.89},
  url = {http://link.aps.org/doi/10.1103/PhysRevLett.23.89},
  publisher = {American Physical Society}
}

@article{Hfye,
  title = {Monte Carlo Method for Magnetic Impurities in Metals},
  author = {Hirsch, J. E. and Fye, R. M.},
  journal = {Phys. Rev. Lett.},
  volume = {56},
  issue = {23},
  pages = {2521--2524},
  year = {1986},
  month = {Jun},
  doi = {10.1103/PhysRevLett.56.2521},
  url = {http://link.aps.org/doi/10.1103/PhysRevLett.56.2521},
  publisher = {American Physical Society}
}

@article{han,
  title = {Strong Superconductivity with Local Jahn-Teller Phonons in ${\mathrm{C}}_{60}$ Solids},
  author = {Han, J. E. and Gunnarsson, O. and Crespi, V. H.},
  journal = {Phys. Rev. Lett.},
  volume = {90},
  issue = {16},
  pages = {167006},
  numpages = {4},
  year = {2003},
  month = {Apr},
  doi = {10.1103/PhysRevLett.90.167006},
  url = {http://link.aps.org/doi/10.1103/PhysRevLett.90.167006},
  publisher = {American Physical Society}
}